@misc{alam_2024_ambientiq,
  author = {Alam, Md Efthakhar and Amin, Mohammad Rashedul and Uddin, Sk Nizam},
  month = {03},
  title = {AmbientIQ : A sophisticated smart room ecosystem for ultimate comfort and efficiency},
  doi = {10.13140/RG.2.2.21967.09129},
  url = {https://www.researchgate.net/publication/382585156_AmbientIQ_A_sophisticated_smart_room_ecosystem_for_ultimate_comfort_and_efficiency},
  year = {2024}
}

@misc{barot_2020_air,
  author = {Barot, Virendra and Kapadia, Viral},
  month = {07},
  pages = {226–231},
  title = {Air Quality Monitoring Systems using IoT: A Review},
  doi = {10.1109/ComPE49325.2020.9200053},
  url = {https://ieeexplore.ieee.org/document/9200053},
  urldate = {2022-09-04},
  year = {2020},
  organization = {IEEE Xplore}
}

@article{barot_2020_towards,
  author = {Barot,, Virendra},
  pages = {5583-5590},
  title = {Towards Building a Scalable IoT based System for Carbon Monoxide Monitoring and Forecasting},
  url = {http://sersc.org/journals/index.php/IJAST/article/view/6124},
  urldate = {2025-03-16},
  volume = {29},
  year = {2020},
  journal = {International Journal of Advanced Science and Technology}
}

@article{dutta_2016_airsense,
  author = {Dutta, Joy and Gazi, Firoj and Roy, Sarbani and Chowdhury, Chandreyee},
  month = {10},
  title = {AirSense: Opportunistic crowd-sensing based air quality monitoring system for smart city},
  doi = {10.1109/icsens.2016.7808730},
  urldate = {2023-08-15},
  year = {2016},
  journal = {AirSense: Opportunistic crowd-sensing based air quality monitoring system for smart city}
}

@article{fisk_2015_review,
  author = {Fisk, William J.},
  month = {04},
  pages = {70–80},
  title = {Review of some effects of climate change on indoor environmental quality and health and associated no-regrets mitigation measures},
  doi = {10.1016/j.buildenv.2014.12.024},
  url = {https://www.sciencedirect.com/science/article/pii/S0360132314004417},
  volume = {86},
  year = {2015},
  journal = {Building and Environment}
}

@misc{ghoneim_2019_towards,
  author = {Ghoneim, Mohamed and Hamed, Sahar M.},
  month = {04},
  pages = {1–6},
  title = {Towards a Smart Sustainable City: Air Pollution Detection and Control using Internet of Things},
  doi = {10.1109/ICOA.2019.8727690},
  url = {https://ieeexplore.ieee.org/stamp/stamp.jsp?tp=&arnumber=8727690},
  urldate = {2022-05-02},
  year = {2019},
  organization = {IEEE Xplore}
}

@misc{das_2022_how,
  author = {Das, Debashis },
  month = {04},
  title = {How Does MQ-2 Flammable Gas and Smoke Sensor Work with Arduino?},
  url = {https://circuitdigest.com/microcontroller-projects/interfacing-mq2-gas-sensor-with-arduino},
  year = {2022},
  organization = {circuitdigest.com}
}

@article{salthammer_2011_critical,
  author = {Salthammer, Tunga},
  month = {03},
  pages = {1507-1517},
  title = {Critical evaluation of approaches in setting indoor air quality guidelines and reference values},
  doi = {10.1016/j.chemosphere.2010.11.023},
  volume = {82},
  year = {2011},
  journal = {Chemosphere}
}

@article{schieweck_2018_smart,
  author = {Schieweck, Alexandra and Uhde, Erik and Salthammer, Tunga and Salthammer, Lea C. and Morawska, Lidia and Mazaheri, Mandana and Kumar, Prashant},
  month = {10},
  pages = {705-718},
  title = {Smart homes and the control of indoor air quality},
  doi = {10.1016/j.rser.2018.05.057},
  url = {https://www.sciencedirect.com/science/article/pii/S1364032118304040},
  volume = {94},
  year = {2018},
  journal = {Renewable and Sustainable Energy Reviews}
}

@article{adhiwibowo_2020_temperature,
  author = {Adhiwibowo, Whisnumurti and Daru, April Firman and Hirzan, Alauddin Maulana},
  month = {01},
  pages = {209},
  title = {Temperature and Humidity Monitoring Using DHT22 Sensor and Cayenne API},
  doi = {10.26623/transformatika.v17i2.1820},
  volume = {17},
  year = {2020},
  journal = {Jurnal Transformatika}
}

@article{wallner_2017_health,
  author = {Wallner, Peter and Tappler, Peter and Munoz, Ute and Damberger, Bernhard and Wanka, Anna and Kundi, Michael and Hutter, Hans-Peter},
  month = {03},
  pages = {314},
  title = {Health and Wellbeing of Occupants in Highly Energy Efficient Buildings: A Field Study},
  doi = {10.3390/ijerph14030314},
  url = {https://www.mdpi.com/1660-4601/14/3/314},
  urldate = {2019-05-29},
  volume = {14},
  year = {2017},
  journal = {International Journal of Environmental Research and Public Health}
}