@misc{r1,
  author       = {Adafruit},
  title        = {DHT22 Temperature-Humidity Sensor Datasheet},
  year         = {2023},
  url          = {https://www.adafruit.com},
  note         = {Accessed: 2025-03-16}
}
@article{r2,
  author       = {P. Kumar and others},
  title        = {Real-time sensors for indoor air monitoring and challenges ahead in deploying them to urban buildings},
  journal      = {Science of the Total Environment},
  year         = {2016},
  pages        = {150--159},
  doi          = {10.3390/ijerph14030314},
  url          = {https://doi.org/10.3390/ijerph14030314}
}
@article{r3,
  author       = {P. Wallner and others},
  title        = {Health and Wellbeing of Occupants in Highly Energy Efficient Buildings: A Field Study},
  journal      = {International Journal of Environmental Research and Public Health},
  year         = {2017},
  url          = {https://www.mdpi.com/1660-4601/14/3/314}
}
@article{r4,
  author       = {Md. Efthakhar Alam and others},
  title        = {AmbientIQ: A Comprehensive IoT-Based Indoor Air Quality Monitoring System},
  journal      = {Journal of Smart Environments},
  volume       = {12},
  number       = {3},
  year         = {2024},
  pages        = {145--157}
}
@misc{r5,
  author       = {Amazon.de},
  title        = {2-Kanal-Relaismodul mit Optokoppler-Isolation High- und Low-PegelTrigger(5V)},
  year         = {2025},
  note         = {Accessed: 2025-03-11},
  url          = {https://www.amazon.de/dp/B07QKLL3X2?ref=ppx_yo2ov_dt_b_fed_asin_title}
}
@misc{r6,
  author       = {Amazon.de},
  title        = {Amazon.de},
  year         = {2015},
  note         = {Accessed: 2025-03-11},
  url          = {https://www.amazon.de/dp/B0CKXW6ZCJ?ref=ppx_yo2ov_dt_b_fed_asin_title&th=1}
}
@misc{r7,
  author       = {Amazon.de},
  title        = {Double USB DC-DC Step Down Converter 6V-40V to 5V 3A Buck Voltage Converter Charge Power Supply Module (Pack of 3)},
  year         = {2025},
  note         = {Accessed: 2025-03-11},
  url          = {https://www.amazon.de/dp/B0BF55DMZH?ref=ppx_yo2ov_dt_b_fed_asin_title}
}
@misc{r8,
  author       = {arctic},
  title        = {Arctic P12 PWM PST Fan Datasheet},
  year         = {2022},
  url          = {https://www.arctic.de}
}
@article{r9,
  author       = {V. Barot and V. Kapadia},
  title        = {Towards Building a Scalable IoT based System for Carbon Monoxide Monitoring and Forecasting},
  journal      = {International Journal of Advanced Science and Technology (IJAST)},
  volume       = {29},
  number       = {3},
  year         = {2020},
  pages        = {5583--5590},
  url          = {http://sersc.org/journals/index.php/IJAST/article/view/6124}
}
@inproceedings{r10,
  author       = {V. Barot and V. Kapadia},
  title        = {Air Quality Monitoring Systems using IoT: A Review},
  booktitle    = {2020 International Conference on Computational Performance Evaluation (ComPE)},
  year         = {2020},
  publisher    = {IEEE},
  url          = {http://sersc.org/journals/index.php/IJAST/article/view/6124}
}
@article{r11,
  author       = {A. Schieweck and others},
  title        = {Smart homes and the control of indoor air quality},
  journal      = {Renewable and Sustainable Energy Reviews},
  volume       = {94},
  year         = {2018},
  pages        = {705--718},
  url          = {https://www.researchgate.net/publication/382585156_AmbientIQ_A_sophisticated_smart_room_ecosystem_for_ultimate_comfort_and_efficiency}
}
@misc{r12,
  author       = {Hanwei Electronics},
  title        = {MQ2 Gas Sensor Datasheet},
  year         = {2022},
  url          = {https://www.hwsensor.com}
}
@article{r13,
  author       = {W. J. Fisk},
  title        = {Review of some effects of climate change on indoor environmental quality and health and associated no-regrets mitigation measures},
  journal      = {Building and Environment},
  volume       = {86},
  year         = {2015},
  pages        = {70--80},
  url          = {https://www.sciencedirect.com/science/article/abs/pii/S0360132314004235?via%3Dihub}
}
@article{r14,
  author       = {William Fisk},
  title        = {The Role of Indoor Air Quality in Climate Change Adaptation},
  journal      = {Environmental Research Letters},
  volume       = {10},
  number       = {4},
  year         = {2015},
  pages        = {045001}
}
@misc{r15,
  author       = {Bouffalo Lab},
  title        = {Pinecone BL602 Datasheet},
  year         = {2023},
  url          = {https://www.bouffalolab.com}
}
@article{r16,
  author       = {W. W. Nazaroff},
  title        = {Exploring the consequences of climate change for indoor air quality},
  journal      = {Environmental Research Letters},
  year         = {2013},
  url          = {https://iopscience.iop.org/article/10.1088/1748-9326/8/1/015022}
}
@misc{r17,
author={theverge.com},
  title        = {Nest Learning Thermostat 4th Gen Review},
  url          = {https://www.theverge.com/24322643/nest-learning-thermostat-4th-gen-review}
}
@misc{r18,
  author       = {Pakeptc.com},
  title        = {PTC Heater - High-Quality Ceramic Heating Element},
  year         = {2024},
  note         = {Accessed: 2025-03-11},
  url          = {https://www.pakeptc.com/resources/ptc-heater-highquality-ceramic-heating-element.html}
}
@misc{r19,
Author={ec.europa.eu},
  title        = {Press Release},
  url          = {https://ec.europa.eu/commission/presscorner/detail/en/ip_03_1278}
}
@article{r20,
Author={ScienceDirect},
Year={Unkown},
  title        = {Article on AI and IoT},
  journal      = {ScienceDirect},
  url          = {https://www.sciencedirect.com/science/article/pii/S1568494623001369}
}
@article{r21,
Author={Scientific Report},
Year={Unkown},
  title        = {Scientific Report},
  journal      = {Nature},
  url          = {https://www.nature.com/articles/s41598-023-44776-2}
}
@article{r22,
  author       = {E. Gildner and M. A. Liebert and P. Kowal and S. Chatterji and J. J. Snodgrass},
  title        = {Associations between Sleep Duration, Sleep Quality, and Cognitive Test Performance among Older Adults from Six Middle Income Countries: Results from the Study on Global Ageing and Adult Health (SAGE)},
  journal      = {Journal of Clinical Sleep Medicine},
  volume       = {10},
  number       = {6},
  year         = {2014},
  doi          = {https://doi.org/10.5664/jcsm.3782}
}
@inproceedings{r23,
  author       = {M. Ghoneim and S. M. Hamed},
  title        = {Towards a Smart Sustainable City: Air Pollution Detection and Control using Internet of Things},
  booktitle    = {International Conference on Artificial Intelligence and Data Processing (ICOA)},
  year         = {2019},
  publisher    = {IEEE},
  url          = {https://ieeexplore.ieee.org/document/8727690}
}
@misc{r24,
Author={pmc.ncbi},
  title        = {Article from PMC},
  url          = {https://pmc.ncbi.nlm.nih.gov/articles/PMC4031401/}
}












